% Encoding: windows-1252

@ARTICLE{Doll1954,
  author = {Doll, Richard and Hill, A Bradford},
  title = {The mortality of doctors in relation to their smoking habits: a preliminary
	report},
  journal = {British Medical Journal},
  year = {1954},
  volume = {328},
  pages = {1529-1533},
  number = {7455},
  owner = {jbuy519},
  timestamp = {2014.03.28}
}

@Article{javascriptframework,
  author  = {Craig Buckler},
  title   = {Top JavaScript frameworks, libraries and tools to use in 2017},
  journal = {https://www.sitepoint.com/top-javascript-frameworks-libraries-tools-use/},
  year    = {2017},
}

@Comment{jabref-meta: databaseType:bibtex;}
